<?xml version="1.0" encoding="UTF-8"?><collection xmlns="http://www.loc.gov/MARC21/slim"><record><leader>00413nam--2200109-i-4500</leader><controlfield tag="001">000024360</controlfield><controlfield tag="002">20161230</controlfield><controlfield tag="005">20170304191402</controlfield><controlfield tag="008">060222s1000------------r-----000-0-eng-d</controlfield><datafield ind1=" " ind2=" " tag="245"><subfield code="a">Halbleiterprobleme in referaten des halgleiterausschusses des verbandes deutscher physikalicher gesellschaften: Bd.4. 1-118, 119-189, 190-281, 282-384</subfield></datafield><datafield ind1=" " ind2=" " tag="260"><subfield code="a">Braunschweig</subfield><subfield code="b">Friedr.Wieweg and Sohn</subfield><subfield code="c">1954</subfield></datafield><datafield ind1=" " ind2=" " tag="CAT"><subfield code="a">SYS</subfield><subfield code="c">20170304</subfield><subfield code="h">191402</subfield></datafield></record></collection>